@book{Pup01,
  author    = {Г.~Ф. Конахович and А.~Ю. Пузыренко},
  title     = {Компьютерная стеганография. Теория и практика},
  publisher = {МК-Пресс},
  pagetotal = {288},
  year      = {2006},
  language  = {russian}
}

@book{Pup02,
  author    = {В.~Г. Грибунин and И.~В. Туринцев and И.~Н. Оков},
  title     = {Цифровая стеганография},
  publisher = {Солон-пресс},
  pagetotal = {262},
  year      = {2020},
  language  = {russian}
}

@online{wiki:1,
  author       = {{Национальная электронная библиотека им. Н.Э. Баумана}},
  title        = {Стеганография},
  year         = {2021},
  howpublished = {https://ru.bmstu.wiki/Стеганография},
  urldate      = {10.05.2021},
  language     = {russian}
}

@book{Pup03,
  author    = {С.~В. Завьялов and Ю.~В. Ветров},
  title     = {Стеганографические методы защиты информации},
  publisher = {Изд-во Политехн. ун-та},
  pagetotal = {190},
  year      = {2012}
}

@book{Pup04,
  author    = {Р. Лучано},
  title     = {Python. К вершинам мастерства},
  publisher = {ДМК Пресс},
  pagetotal = {768},
  year      = {2016}
}

@book{Pup05,
  author    = {У. Маккинни},
  title     = {Python и анализ данных},
  publisher = {ДМК Пресс},
  pagetotal = {482},
  year      = {2015}
}

@online{kaggle:1,
  author       = {{Kaggle}},
  title        = {Steganalysis : Complete Understanding and Model},
  year         = {2021},
  howpublished = {https://www.kaggle.com/tanulsingh077/steganalysis-complete-understanding-and-model},
  urldate      = {12.05.2021},
  language     = {english}
}

@book{Pup06,
  author    = {M. Lutz},
  title     = {Learning Python},
  publisher = {O'Reilly},
  pagetotal = {1648},
  year      = {2013}
}

@book{Pup07,
  author    = {M. Mahajan and  S. Bhushan},
  title     = {Secure Steganography in Colored Images: A Novel Approach to Information Security},
  publisher = {LAP LAMBERT Academic Publishing},
  pagetotal = {216},
  year      = {2013}
}

@book{Pup08,
  author    = {I.~A. Sattar},
  title     = {Steganography In Spatial Domain},
  publisher = {LAP LAMBERT Academic Publishing},
  pagetotal = {52},
  year      = {2018}
}